<?xml version="1.0" encoding="UTF-8"?><record xmlns="http://www.loc.gov/MARC21/slim" xmlns:cinclude="http://apache.org/cocoon/include/1.0" xmlns:zs="http://www.loc.gov/zing/srw/">
  <leader>00544cz  a2200169n  4500</leader>
  <controlfield tag="001">n  86067281 </controlfield>
  <controlfield tag="003">DLC</controlfield>
  <controlfield tag="005">20080424075341.0</controlfield>
  <controlfield tag="008">860627n| acannaabn          |a aaa      </controlfield>
  <datafield tag="010" ind1=" " ind2=" ">
    <subfield code="a">n  86067281 </subfield>
  </datafield>
  <datafield tag="035" ind1=" " ind2=" ">
    <subfield code="a">(OCoLC)oca01649724</subfield>
  </datafield>
  <datafield tag="040" ind1=" " ind2=" ">
    <subfield code="a">DLC</subfield>
    <subfield code="b">eng</subfield>
    <subfield code="c">DLC</subfield>
    <subfield code="d">DLC</subfield>
    <subfield code="d">OCoLC</subfield>
  </datafield>
  <datafield tag="100" ind1="1" ind2=" ">
    <subfield code="a">Bax, Mart</subfield>
  </datafield>
  <datafield tag="400" ind1="1" ind2=" ">
    <subfield code="a">Bax, M. M. G.</subfield>
  </datafield>
  <datafield tag="670" ind1=" " ind2=" ">
    <subfield code="a">Culturen dicht-er-bij, 1985:</subfield>
    <subfield code="b">t.p. (Mart Bax)</subfield>
  </datafield>
  <datafield tag="670" ind1=" " ind2=" ">
    <subfield code="a">LC data base, 6-24-86</subfield>
    <subfield code="b">(hdg.: Bax, Mart)</subfield>
  </datafield>
  <datafield tag="670" ind1=" " ind2=" ">
    <subfield code="a">His Religieuze regimes in ontwikkeling, c1988:</subfield>
    <subfield code="b">t.p. (Mart Bax) cover (M. M. G. Bax; antropoloog)</subfield>
  </datafield>
</record>